<record><leader>00000cas a22000007a 4500</leader><controlfield tag="001">22330160</controlfield><controlfield tag="008">900904d19191919maudn ne      0    0por d</controlfield><datafield ind1=" " ind2=" " tag="010"><subfield code="a">sn 89063307 </subfield></datafield><datafield ind1=" " ind2=" " tag="040"><subfield code="a">MGN</subfield><subfield code="b">eng</subfield><subfield code="c">MGN</subfield><subfield code="d">OCLCQ</subfield><subfield code="d">OCLCF</subfield><subfield code="d">OCLCO</subfield><subfield code="d">OCL</subfield></datafield><datafield ind1="1" ind2=" " tag="029"><subfield code="a">AU@</subfield><subfield code="b">000025851914</subfield></datafield><datafield ind1=" " ind2=" " tag="042"><subfield code="a">msc</subfield></datafield><datafield ind1=" " ind2=" " tag="043"><subfield code="a">n-us-ma</subfield></datafield><datafield ind1="0" ind2="0" tag="245"><subfield code="a">Alvorada jornal diario.</subfield></datafield><datafield ind1=" " ind2=" " tag="260"><subfield code="a">New Bedford, Mass. :</subfield><subfield code="b">Guilherme M. Luiz</subfield></datafield><datafield ind1=" " ind2=" " tag="300"><subfield code="a">v.</subfield></datafield><datafield ind1=" " ind2=" " tag="310"><subfield code="a">Daily (except Sun.)</subfield></datafield><datafield ind1="0" ind2=" " tag="362"><subfield code="a">Ano 1, no. 1 (25 de jan. de 1919)-ano 1, no. 33 (5 de marco de 1919).</subfield></datafield><datafield ind1=" " ind2=" " tag="546"><subfield code="a">In Portuguese.</subfield></datafield><datafield ind1=" " ind2="0" tag="650"><subfield code="a">Portuguese newspapers</subfield><subfield code="z">Massachusetts</subfield><subfield code="z">New Bedford.</subfield></datafield><datafield ind1=" " ind2="7" tag="650"><subfield code="a">Portuguese newspapers.</subfield><subfield code="2">fast</subfield><subfield code="0">(OCoLC)fst01072599</subfield></datafield><datafield ind1=" " ind2="7" tag="651"><subfield code="a">Massachusetts</subfield><subfield code="z">New Bedford.</subfield><subfield code="2">fast</subfield><subfield code="0">(OCoLC)fst01207803</subfield></datafield><datafield ind1=" " ind2=" " tag="752"><subfield code="a">United States</subfield><subfield code="b">Massachusetts</subfield><subfield code="c">Bristol</subfield><subfield code="d">New Bedford.</subfield></datafield><datafield ind1="0" ind2="0" tag="785"><subfield code="t">Alvorada diaria</subfield><subfield code="w">(DLC)sn 89063309</subfield></datafield></record>